@Article{Einstein,
  author =       "Albert Einstein",
  title =        "{Zur Elektrodynamik bewegter K{\"o}rper}. ({German})
                 [{On} the electrodynamics of moving bodies]",
  journal =      "Annalen der Physik",
  volume =       "322",
  number =       "10",
  pages =        "891--921",
  year =         "1905",
  DOI =          "http://dx.doi.org/10.1002/andp.19053221004"
} 

@Article{gooform,
  author =       "",
  title =        "Google form on which observations are based: http://bit.ly/1UEMhcM",
  journal =      "",
  volume =       "",
  number =       "",
  pages =        "",
  year =         "",
  DOI =          "https://docs.google.com/a/ncsu.edu/forms/d/1E87e66VrvCNIZkcHlbB7hmeoIP8dXNq4GrOnFeAbDnk/viewform?usp=send_form"
} 

@Article{Giuffre,
  author =       "",
  title =        "T. Giuffre, S.M. Siniscalchi, G. Tesoriere Giuffre et al.: A novel architecture of parking management for smart cities",
  journal =      "Procedia - Soc. Behav. Sci.",
  volume =       "53 (2012)",
  number =       "",
  pages =        "16-28",
  year =         "2012",
  DOI =          ""
}
@Article{jhsin,
  author =       "",
  title =        "JH Shin, Hong-Bae Jun; A study on smart parking guidance algorithm; Transportation Research Part C: Emerging Technologies, Volume 44, July 2014, Pages 299–317",
  journal =      "",
  volume =       "",
  number =       "",
  pages =        "",
  year =         "",
  DOI =          ""
} 
2.       
3.       Giuffrè et al., 2012; T. Giuffrè, S.M. Siniscalchi, G. Tesoriere; A novel architecture of parking management for smart cities; Procedia – Soc. Behav. Sci., 53 (2012), pp. 16–28
4.       Arnott et al., 2005; R. Arnott, T. Rave, R. Schöb; Alleviating Urban Traffic Congestion; MIT Press (2005)
5.       Soup, 2007; D. Soup; Cruising for parking; Access, 30 (2007), pp. 16–22
6.       Caliskan et al., 2007; Caliskan, M., Barthels, A., Scheuermann, B., Mauve, M., 2007. Predicting Parking Lot Occupancy in Vehicular Ad Hoc Networks; IEEE 65th Conference on Vehicular Technology, 2007
7.       Caicedo, 2010; F. Caicedo; Real-time parking information management to reduce search time, vehicle displacement and emissions; Transport. Res. Part D: Transp. Environ., 15 (4) (2010), pp. 228–234
8.       Joseph, Jeffrey; Patil, Roshan Gajanan; Narahari, Skanda Kumar Kaipu; Didagi, Yogish; Bapat, Jyotsna; Wireless Sensor Network Based Smart Parking System; Sensors & Transducers, Vol. 162 , Issue 1, January 2014, pp. 5-10
9.       Yanfeng Geng, Christos G. Cassandras; New “Smart Parking” System Based on Resource
Allocation and Reservations; IEEE Transactions on Intelligent Transportation Systems, ISSN 1524-9050, 2013, Volume 14, Issue 3, pp. 1129 – 1139
10.   Pham, Thanh Nam; Tsai, Ming-Fong; Nguyen, Duc Binh; Dow, Chyi-Ren; Deng, Der-Jiunn; A Cloud-Based Smart-Parking System Based on Internet-of-Things Technologies; IEEE Access, EISSN 2169-3536, 2015, Volume 3, pp. 1581 – 1591
